@article{abe2009Goia,
  title = {{語彙の特性から見る語彙史研究の諸相--「語彙的カテゴリー」「部分語彙」「反現象」「反作用」「中和」}},
  author = {安部, 清哉},
  year = {2009},
  journal = {人文},
  number = {8},
  pages = {246--210},
  publisher = {学習院大学人文科学研究所},
  urldate = {2022-05-03},
  langid = {japanese},
  yomi = {Abe, Kiyoshi},
  keywords = {No DOI found,notion},
  file = {/home/idiig/Zotero/storage/954F637V/abe2009Goi2.pdf;/home/idiig/Zotero/storage/JUVC9L8T/1573387452379632000.html}
}

@incollection{abe2009Goib,
  title = {{語彙史研究と語彙的カテゴリー--その多様性と体系化}},
  booktitle = {{語彙史}},
  author = {安部, 清哉 and 斎藤, 倫明 and 岡島, 昭浩 and 半沢, 幹一 and 伊藤, 雅光 and 前田, 富祺},
  year = {2009},
  series = {{シリーズ 日本語史}},
  number = {2},
  pages = {1--34},
  publisher = {岩波書店},
  address = {東京},
  langid = {japanese},
  keywords = {notion}
}

@article{aida2023Kotonaru,
  title = {{異なる時期での意味の違いを捉える単語分散表現の結合学習}},
  author = {相田, 太一 and 小町, 守 and 小木曽, 智信 and 高村, 大也 and 持橋, 大地},
  year = {2023},
  journal = {自然言語処理},
  volume = {30},
  number = {2},
  pages = {275--303},
  langid = {japanese},
  keywords = {,Semantic Change,Word Representation},
  file = {/home/idiig/Zotero/storage/AK9LLTUP/ja.html}
}

@inproceedings{Asahara2022CHJWLSP,
  title = {{{CHJ-WLSP}}: {{Annotation}} of `{{Word List}} by {{Semantic Principles}}' {{Labels}} for the {{Corpus}} of {{Historical Japanese}}},
  shorttitle = {{{CHJ-WLSP}}},
  booktitle = {Proceedings of the {{Second Workshop}} on {{Language Technologies}} for {{Historical}} and {{Ancient Languages}}},
  author = {Asahara, Masayuki and Ikegami, Nao and Suzuki, Tai and Ichimura, Taro and Kondo, Asuko and Kato, Sachi and Yamazaki, Makoto},
  editor = {Sprugnoli, Rachele and Passarotti, Marco},
  year = {2022},
  pages = {31--37},
  publisher = {European Language Resources Association},
  address = {Marseille, France},
  urldate = {2024-02-24},
  keywords = {notion},
  file = {/home/idiig/Zotero/storage/8Q4H8VEN/Asahara2022CHJWLSP.pdf}
}

@misc{Chaudhry2018NGO,
  title = {{{NGO Crackdowns}} and {{Foreign Aid}} - {{Are Donors Really Responding}}? {{Analyzing}} the {{Impact}} of {{Global Restrictions}} on {{NGOs}}},
  author = {Chaudhry, Suparna and Heiss, Andrew},
  year = {2018},
  urldate = {2025-06-20},
  file = {/home/idiig/Zotero/storage/6KR6YFJX/testy-turtle.html}
}

@phdthesis{DePascale2019Tokenbased,
  title = {Token-Based Vector Space Models as Semantic Control in Lexical Sociolectometry},
  author = {De Pascale, Stefano},
  year = {2019},
  address = {Leuven},
  langid = {english},
  school = {KU Leuven},
  keywords = {cognitive sociolinguistics,Computational linguistics,lectometry,lexical variation,notion,semantic control,variationist sociolinguistics},
  file = {/home/idiig/Zotero/storage/WEA2CQH9/DePascale2019Tokenbased.pdf}
}

@incollection{DePascale2021Scoring,
  title = {Scoring with {{Token-based Models}}},
  booktitle = {Cognitive {{Sociolinguistics Revisited}}},
  author = {De Pascale, Stefano and Zhang, Weiwei},
  editor = {Kristiansen, Gitte and Franco, Karlien and De Pascale, Stefano and Rosseel, Laura and Zhang, Weiwei},
  year = {2021},
  pages = {186--200},
  publisher = {De Gruyter},
  urldate = {2022-05-07},
  langid = {english},
  keywords = {cognitive sociolinguistics,Computational linguistics,lectometry,notion,variationist sociolinguistics},
  file = {/home/idiig/Zotero/storage/56C8FASJ/DePascale2021Scoring.pdf}
}

@book{Geeraerts1994Structure,
  title = {The {{Structure}} of {{Lexical Variation}}: {{Meaning}}, {{Naming}}, and {{Context}}},
  shorttitle = {The {{Structure}} of {{Lexical Variation}}},
  author = {Geeraerts, Dirk and Grondelaers, Stefan and Bakema, Peter},
  editor = {Dirven, Ren{\'e} and Langacker, Ronald W.},
  year = {1994},
  journal = {The Structure of Lexical Variation: Meaning, Naming, and Context},
  series = {Cognitive {{Linguistics Research}}},
  number = {5},
  pages = {224},
  publisher = {Mouton de Gruyter},
  address = {Berlin},
  langid = {english},
  keywords = {notion},
  file = {/home/idiig/Zotero/storage/M9KUB6F5/Geeraerts1994Structure.pdf}
}

@incollection{Geeraerts2023Lexical,
  title = {Lexical Variation and the Lexeme-Lection-Lect Triangle},
  booktitle = {Lexical {{Variation}} and {{Change}}: {{A Distributional Semantic Approach}}},
  author = {Geeraerts, Dirk and Speelman, Dirk and Heylen, Kris and Montes, Mariana and De Pascale, Stefano and Franco, Karlien and Lang, Michael},
  editor = {Geeraerts, Dirk and Speelman, Dirk and Heylen, Kris and Montes, Mariana and De Pascale, Stefano and Franco, Karlien and Lang, Michael},
  year = {2023},
  pages = {3--31},
  publisher = {Oxford University Press},
  urldate = {2025-06-27},
  langid = {english},
  file = {/home/idiig/Zotero/storage/ACRIE7NR/423919495.html}
}

@inproceedings{Hamilton2016Cultural,
  title = {Cultural {{Shift}} or {{Linguistic Drift}}? {{Comparing Two Computational Measures}} of {{Semantic Change}}},
  shorttitle = {Cultural {{Shift}} or {{Linguistic Drift}}?},
  booktitle = {Proceedings of the 2016 {{Conference}} on {{Empirical Methods}} in {{Natural Language Processing}}},
  author = {Hamilton, William L. and Leskovec, Jure and Jurafsky, Dan},
  year = {2016},
  pages = {2116--2121},
  publisher = {Association for Computational Linguistics},
  address = {Austin, Texas},
  urldate = {2023-03-22},
  keywords = {notion},
  file = {/home/idiig/Zotero/storage/T7QJRWAV/Hamilton2016Cultural.pdf}
}

@article{hasumi1991Ichi,
  title = {{同一情報に基づく文章表現の異同についての分析}},
  author = {蓮見, 陽子},
  year = {1991},
  journal = {計量国語学},
  volume = {18},
  number = {3},
  pages = {136--144},
  publisher = {計量国語学会},
  urldate = {2023-05-16},
  langid = {japanese},
  keywords = {No DOI found,notion},
  file = {/home/idiig/Zotero/storage/RA5SZYNS/1520853832960382080.html}
}

@incollection{hatano1941Waka,
  title = {{和歌と俳句}},
  booktitle = {{文章心理學の問題}},
  author = {波多野, 完治},
  year = {1941},
  pages = {47--62},
  publisher = {三省堂},
  address = {東京},
  urldate = {2023-04-16},
  langid = {japanese},
  keywords = {No DOI found,notion}
}

@incollection{Hatano1941Wakaa,
  title = {{Waka to haiku [Waka and haiku]}},
  booktitle = {{Bunsho-shinrigaku no mondai [Issues in the psychology of text]}},
  author = {Hatano, Kanji},
  year = {1941},
  pages = {47--62},
  publisher = {Sanseido},
  address = {Tokyo},
  urldate = {2023-04-16},
  langid = {japanese},
  keywords = {No DOI found,notion}
}

@inproceedings{Hodoscek2022Developmenta,
  title = {Development of Datasets of the {{Hachidaish{\=u}}} and Tools for the Understanding of the Characteristics and Historical Evolution of Classical {{Japanese}} Poetic Vocabulary},
  booktitle = {Digital {{Humanities}} 2022 {{Conference Abstracts}}},
  author = {Hodo{\v s}{\v c}ek, Bor and Yamamoto, Hilofumi},
  year = {2022},
  pages = {647--648},
  publisher = {The University of Tokyo},
  address = {Tokyo},
  keywords = {notion},
  file = {/home/idiig/Zotero/storage/STPFZK7F/Hodoscek2022Development.pdf}
}

@article{ikegami2010Kyukakuhyogen2,
  title = {{嗅覚表現形容詞「カグハシ」「カウバシ」「カンバシ」--近世以降における意味・用法の分担過程}},
  author = {池上, 尚},
  year = {2010},
  journal = {国文学研究 / 早稲田大学国文学会 [編]},
  pages = {64～53},
  langid = {japanese},
  yomi = {Ikegami, Nao},
  keywords = {No DOI found,notion}
}

@article{ikegami2012Kyukaku,
  title = {{嗅覚表現名詞カ・ニホヒの史的変遷 -その交替に着目して-}},
  author = {池上, 尚},
  year = {2012},
  journal = {早稲田日本語研究},
  volume = {21},
  pages = {75--85},
  issn = {1348-4796},
  urldate = {2022-05-03},
  langid = {japanese},
  yomi = {Ikegami, Nao},
  keywords = {No DOI found,notion},
  file = {/home/idiig/Zotero/storage/GJKW9VRE/ikegami2012Kyukaku.pdf}
}

@article{ikegami2014Mizukusai,
  title = {{水クサイの意味変化: 水ッポイとの共存過程から考える}},
  shorttitle = {{水クサイの意味変化}},
  author = {池上, 尚},
  year = {2014},
  journal = {日本語の研究},
  volume = {10},
  number = {2},
  pages = {48--33},
  langid = {japanese},
  yomi = {Ikegami, Nao},
  keywords = {,-,-kusai,-ppoi,adjectival suffix,diffusion of the central dialect of Japan,notion,taste expression},
  file = {/home/idiig/Zotero/storage/3KICY6MR/ikegami2014Mizukusai.pdf;/home/idiig/Zotero/storage/3VSXIDPM/ja.html}
}

@article{Inoue1989Dialect,
  title = {Dialect Classification by Standard {{Japanese}} Forms},
  author = {Inoue, Fumio and Kasai, Hisako},
  year = {1989},
  journal = {Japanese Quantitative Linguistics},
  volume = {39},
  pages = {220--235},
  urldate = {2025-10-23},
  keywords = {dialect,dialectology,No DOI found}
}

@article{ito2008Goi,
  title = {{語彙の量的構造史モデル}},
  author = {伊藤, 雅光},
  year = {2008},
  journal = {日本語の研究},
  volume = {4},
  number = {1},
  pages = {112--129},
  langid = {japanese},
  keywords = {,multilayered structure model of Japanese vocabulary history,statistical methods for analyzing vocabulary structure,Taisho-goihyo},
  file = {/home/idiig/Zotero/storage/4KQXVPJ2/ja.html}
}

@inbook{ito2009Keiryo,
  title = {{計量語彙論から見た語彙史}},
  booktitle = {{語彙史}},
  author = {伊藤, 雅光},
  year = {2009},
  publisher = {岩波書店},
  address = {東京},
  collaborator = {安部, 清哉 and 斎藤, 倫明 and 岡島, 昭浩 and 半沢, 幹一 and 伊藤, 雅光 and 前田, 富祺},
  langid = {japanese}
}

@book{kabashima1965Buntai,
  title = {{文体の科学}},
  author = {樺島, 忠夫 and 寿岳, 章子},
  year = {1965},
  publisher = {綜芸舎},
  address = {京都},
  urldate = {2025-01-26},
  langid = {japanese},
  file = {/home/idiig/Zotero/storage/MMI7UXFY/1130000796046768000.html}
}

@book{Kabashima1965Buntaia,
  title = {{Buntai no Kagaku [The Science of Style]}},
  author = {Kabashima, Tadao and Jugaku, Akiko},
  year = {1965},
  publisher = {Sogeisha},
  address = {Kyoto},
  urldate = {2025-01-26},
  langid = {japanese}
}

@book{katagiri1983Uta,
  title = {{歌枕歌ことば辞典}},
  author = {片桐, 洋一},
  year = {1983},
  publisher = {角川書店},
  address = {東京},
  langid = {japanese},
  yomi = {Katagiri, Yoichi},
  keywords = {notion},
  file = {/home/idiig/Zotero/storage/UMNRGEX2/katagiri1983Uta2.pdf}
}

@book{Katagiri1983Utamakuraa,
  title = {{Utamakura utakotoba jiten [Encyclopedic Dictionary of Utamakura and Poetic Language in Waka]}},
  author = {Katagiri, Yoichi},
  year = {1983},
  publisher = {Kadokawa Shoten},
  address = {Tokyo},
  langid = {japanese},
  yomi = {Katagiri, Yoichi},
  keywords = {notion}
}

@phdthesis{kawamura1991Sekkan,
  type = {{博士論文}},
  title = {{摂関期和歌史の研究}},
  author = {川村, 晃生},
  year = {1991},
  address = {東京},
  urldate = {2023-04-16},
  langid = {japanese},
  school = {慶應義塾大学},
  keywords = {notion},
  file = {/home/idiig/Zotero/storage/TIA5YN7A/kawamura1991Sekkan.pdf;/home/idiig/Zotero/storage/75N6PAS3/1.html;/home/idiig/Zotero/storage/VFYPD6GS/1110845735089452544.html}
}

@phdthesis{Kawamura1991Sekkanki,
  title = {{Sekkanki wakashi no kenkyu [A Study of the History of Waka Poetry during the Sekkan Period]}},
  author = {Kawamura, Teruo},
  year = {1991},
  address = {Tokyo},
  urldate = {2023-04-16},
  langid = {japanese},
  school = {Keio University},
  keywords = {notion}
}

@incollection{Kikuchi2019Chokusen,
  title = {{Chokusen wakashu no goi no ryoteki kozo o megutte---hinshi no kosei hiritsu no kanten kara [On the Quantitative Structure of Vocabulary in the Imperial Anthologies of Waka: From the Perspective of Part-of-Speech Composition Ratios]}},
  booktitle = {{Kokugo goishi no kenkyu [Studies of the History of Japanese Vocabulary]}},
  author = {Kikuchi, Sonomi and Sugano, Michimasa},
  year = {2019},
  volume = {38},
  pages = {360(57)-336(81)},
  publisher = {Izumi shoin},
  address = {Tokyo},
  langid = {japanese},
  keywords = {notion}
}

@incollection{kikuike2019Chokusen,
  title = {{勅撰和歌集の語彙の量的構造をめぐって---品詞の構成比率の観点から---}},
  booktitle = {{国語語彙史の研究三十八}},
  author = {菊池, そのみ and 菅野, 倫匡},
  year = {2019},
  pages = {360(57)-336(81)},
  publisher = {和泉書院},
  address = {東京},
  langid = {japanese},
  keywords = {notion}
}

@inproceedings{kitasaki2015Doteki,
  title = {{動的計画法を用いた狂言台本の語の自動対応付け}},
  booktitle = {{じんもんこん2015論文集}},
  author = {北崎, 勇帆},
  year = {2015},
  volume = {2015--10},
  pages = {99--104},
  publisher = {情報処理学会},
  langid = {japanese},
  yomi = {Kitazaki, Yuho},
  keywords = {No DOI found,notion},
  file = {/home/idiig/Zotero/storage/GKPTPVI8/kitasaki2015Doteki.pdf}
}

@inproceedings{kitasaki2015Sharebon,
  title = {{洒落本を対象とした東西対照コーパスの設計と構築}},
  booktitle = {{研究報告人文科学とコンピュータ（CH）}},
  author = {北崎, 勇帆},
  year = {2015},
  volume = {2015-CH-106 (5)},
  pages = {1--6},
  publisher = {情報処理学会},
  langid = {japanese},
  yomi = {Kitazaki, Yuho},
  keywords = {notion},
  file = {/home/idiig/Zotero/storage/UHA8535B/kitasaki2015Sharebon.pdf}
}

@inproceedings{kitasaki2017Kyogen,
  title = {{狂言対照コーパス構築における問題点と対策}},
  booktitle = {{じんもんこん2017論文集}},
  author = {北崎, 勇帆},
  year = {2017},
  volume = {2017},
  pages = {119--124},
  publisher = {情報処理学会},
  langid = {japanese},
  yomi = {Kitazaki, Yuho},
  keywords = {No DOI found,notion},
  file = {/home/idiig/Zotero/storage/66SLN4TB/kitasaki2017Kyogen.pdf}
}

@article{kitasaki2024Heike,
  title = {{平家物語の対照コーパスを通して見る中世日本語}},
  author = {北崎, 勇帆},
  year = {2024},
  journal = {計量国語学},
  volume = {34},
  number = {7},
  pages = {483--497},
  urldate = {2025-02-01},
  langid = {japanese},
  keywords = {alignment,No DOI found},
  file = {/home/idiig/Zotero/storage/T34GGIJP/平家物語の対照コーパスを通して見る中世日本語.html}
}

@article{Kondo2000Guramu,
  title = {{N guramu toke shori o mochiita mojiretsu bunseki niyoru nihon koten bungaku no kenkyu-Kokinwakashu no kotoba no kata no seisa [A Study of Classical Japanese Literature through N-gram-Based Text Analysis: Patterns and Gender Differences in the Language of the Kokin Wakash{\=u}]}},
  author = {Kondo, Miyuki},
  year = {2000},
  journal = {Chiba Daigaku jinbunkenkyu/The Journal of the Humanities},
  number = {29},
  pages = {187--238},
  publisher = {千葉大学},
  urldate = {2023-03-29},
  langid = {japanese},
  keywords = {No DOI found,notion}
}

@article{kondo2011Heian,
  title = {{平安時代の漢文訓読語の分類}},
  author = {近藤, 泰弘},
  year = {2011},
  journal = {訓点語と訓点資料},
  volume = {127},
  pages = {120--131},
  publisher = {京都 : 訓点語学会 ; 1954-},
  urldate = {2024-08-14},
  langid = {japanese},
  keywords = {No DOI found},
  file = {/home/idiig/Zotero/storage/3SBNJFIE/1520009408461630208.html}
}

@article{kondo2018Kindai,
  title = {{近代文語文の通時的変化の分析 : 語種率・品詞率に着目して}},
  shorttitle = {{近代文語文の通時的変化の分析}},
  author = {近藤, 明日子},
  year = {2018},
  journal = {言語資源活用ワークショップ発表論文集},
  volume = {1},
  pages = {355--364},
  urldate = {2022-05-03},
  langid = {japanese},
  yomi = {Kondo, Asuko},
  keywords = {No DOI found,notion},
  file = {/home/idiig/Zotero/storage/REN9A6X2/kondo2018Kindai.pdf;/home/idiig/Zotero/storage/WW6KHM5B/repository.ninjal.ac.jp.html}
}

@article{kondo2020Meiji,
  title = {{明治・大正期の口語体会話文の位相差 : 語種率・品詞率を観点として}},
  shorttitle = {{明治・大正期の口語体会話文の位相差}},
  author = {近藤, 明日子},
  year = {2020},
  journal = {言語資源活用ワークショップ発表論文集},
  volume = {4},
  pages = {119--127},
  urldate = {2022-05-03},
  langid = {japanese},
  yomi = {Kondo, Asuko},
  keywords = {No DOI found,notion},
  file = {/home/idiig/Zotero/storage/C7CN9MPX/kondo2020Meiji.pdf}
}

@article{kondomiyuki2000N,
  title = {{nグラム統計処理を用いた文字列分析による日本古典文学の研究--『古今和歌集』の「ことば」の型と性差}},
  author = {近藤, みゆき},
  year = {2000},
  journal = {千葉大学人文研究},
  number = {29},
  pages = {187--238},
  publisher = {千葉大学},
  urldate = {2023-03-29},
  langid = {japanese},
  keywords = {No DOI found,notion},
  file = {/home/idiig/Zotero/storage/5YUNUX8F/1520572358487551616.html}
}

@article{Kruskal1964Multidimensional,
  title = {Multidimensional {{Scaling}} by {{Optimizing Goodness}} of {{Fit}} to a {{Nonmetric Hypothesis}}},
  author = {Kruskal, J. B.},
  year = {1964},
  journal = {Psychometrika},
  volume = {29},
  number = {1},
  pages = {1--27},
  issn = {0033-3123, 1860-0980},
  doi = {10.1007/BF02289565},
  urldate = {2025-06-20},
  langid = {english},
  keywords = {MDS}
}

@book{Labov1972Sociolinguistic,
  title = {Sociolinguistic {{Patterns}}},
  author = {Labov, William},
  year = {1972},
  publisher = {University of Pennsylvania Press},
  googlebooks = {hD0PNMu8CfQC},
  langid = {english},
  keywords = {Language Arts & Disciplines / Linguistics / General,Language Arts & Disciplines / Linguistics / Sociolinguistics,notion},
  file = {/home/idiig/Zotero/storage/4IAEN26N/Labov1972Sociolinguistic.pdf}
}

@incollection{Labov1973Boundaries,
  title = {The Boundaries of Words and Their Meanings},
  booktitle = {New Ways of Analyzing Variation in {{English}}},
  author = {Labov, William},
  editor = {Bailey, Charles James Nice and Shuy, Roger W.},
  year = {1973},
  pages = {340--373},
  publisher = {Georgetown University Press},
  address = {Washington},
  keywords = {notion},
  file = {/home/idiig/Zotero/storage/IEEFENEA/Labov1973Boundaries.pdf}
}

@article{Labov1978Where,
  title = {Where {{Does}} the {{Linguistic Variable Stop}}? {{A Response}} to {{Beatriz Lavandera}}. {{Working Papers}} in {{Sociolinguistics}}, {{No}}. 44},
  shorttitle = {Where {{Does}} the {{Linguistic Variable Stop}}?},
  author = {Labov, William},
  year = {1978},
  number = {44},
  pages = {5--22},
  urldate = {2021-03-01},
  langid = {english},
  keywords = {Descriptive Linguistics,Grammar,Language Research,Language Variation,Linguistic Competence,Linguistic Theory,Linguistics,notion,Phonology,Semantics,Sociolinguistics,Structural Analysis,Syntax},
  file = {/home/idiig/Zotero/storage/8I57E4JX/Labov1978Where.pdf;/home/idiig/Zotero/storage/57C97DPW/eric.ed.gov.html;/home/idiig/Zotero/storage/WFJK36QM/eric.ed.gov.html}
}

@article{Lavandera1978Where,
  title = {Where {{Does}} the {{Sociolinguistic Variable Stop}}?},
  author = {Lavandera, Beatriz R.},
  year = {1978},
  journal = {Language in Society},
  volume = {7},
  number = {2},
  eprint = {4166996},
  eprinttype = {jstor},
  pages = {171--182},
  doi = {10/d82gxm},
  langid = {english},
  keywords = {notion},
  file = {/home/idiig/Zotero/storage/2NYH5L86/Lavandera1978Where.pdf}
}

@article{mabuchi2016Kindai,
  title = {{近代二字漢語における同語異表記の実態と変化 : 形態論情報付きコーパスを用いて}},
  shorttitle = {{近代二字漢語における同語異表記の実態と変化}},
  author = {間淵, 洋子},
  year = {2016},
  journal = {計量国語学},
  volume = {30},
  number = {5},
  pages = {257--274},
  publisher = {計量国語学会},
  urldate = {2022-05-03},
  langid = {japanese},
  yomi = {Mabuchi, Yoko},
  keywords = {No DOI found,notion},
  file = {/home/idiig/Zotero/storage/65XZWNIN/間淵 - 2016 - 近代二字漢語における同語異表記の実態と変化.pdf;/home/idiig/Zotero/storage/AFY44T6I/1572543029199154560.html}
}

@article{Mabuchi2016Kindaia,
  title = {{Kindai niji kango niokeru dogo ihyoki no jittai to henka: keitaiso joho tsuki kopasu o mochiite/Diachronic Variation in Orthography of Two-Character Sino-Japanese Words in Modern Japanese : A Corpus-based Study}},
  shorttitle = {{近代二字漢語における同語異表記の実態と変化}},
  author = {Mabuchi, Yoko},
  year = {2016},
  journal = {Keiryo kokugogaku/Mathematical linguistics},
  volume = {30},
  number = {5},
  pages = {257--274},
  publisher = {計量国語学会},
  urldate = {2022-05-03},
  langid = {japanese},
  yomi = {Mabuchi, Yoko},
  keywords = {No DOI found,notion}
}

@book{matsuda1939Shika,
  title = {{詞華和歌集}},
  editor = {松田, 武夫},
  year = {1939},
  publisher = {岩波書店},
  address = {東京},
  urldate = {2025-01-30},
  langid = {japanese},
  keywords = {wakashi},
  file = {/home/idiig/Zotero/storage/R7TJQ6D6/b245966.html}
}

@article{matsuda2019Okazaki,
  title = {{岡崎敬語調査に見る「足りない」～「足らない」の変異と変化}},
  author = {松田, 謙次郎},
  year = {2019},
  journal = {計量国語学},
  volume = {32},
  number = {2},
  pages = {66--81},
  langid = {japanese},
  yomi = {Matsuda, Kenjiro},
  keywords = {,cohort,critical period,east/west boundary of the Japanese dialects,lifespan change,notion,Okazaki Survey on Honorifics,panel sample,random sample,standard language,taranai,tarinai},
  file = {/home/idiig/Zotero/storage/IRYKNC6K/matsuda2019Okazaki.pdf;/home/idiig/Zotero/storage/99692C8L/ja.html}
}

@inproceedings{matsuda2022Toyokanji,
  title = {{当用漢字への切り替え過程の数量的分析}},
  booktitle = {{「通時コーパス」シンポジウム2022}},
  author = {松田, 謙次郎},
  year = {2022},
  address = {Online},
  urldate = {2025-10-22},
  langid = {japanese},
  keywords = {No DOI found}
}

@book{Matuda1939Shikawakashu,
  title = {{Shikawakashu}},
  editor = {Matuda, Takeo},
  year = {1939},
  publisher = {Iwanami shoten},
  address = {Tokyo},
  urldate = {2025-01-30},
  langid = {japanese},
  keywords = {wakashi}
}

@incollection{miyazima1979Kyosanto,
  title = {{「共産党宣言」の訳語}},
  booktitle = {{言語の研究}},
  author = {宮島, 達夫},
  editor = {{言語学研究会}},
  year = {1979},
  publisher = {むぎ書房},
  address = {東京},
  langid = {japanese}
}

@book{miyazima2014Nippon,
  title = {{日本古典対照分類語彙表}},
  author = {宮島, 達夫 and 鈴木, 泰 and 石井, 久雄 and 安部, 清哉},
  year = {2014},
  publisher = {笠間書院},
  urldate = {2023-03-28},
  langid = {japanese},
  keywords = {notion},
  file = {/home/idiig/Zotero/storage/I5VMPZTS/BB15884930.html}
}

@book{miyazima2015Manyoshu,
  title = {{万葉集巻別対照分類語彙表}},
  author = {宮島, 達夫},
  year = {2015},
  publisher = {笠間書院},
  address = {T{\=o}ky{\=o}},
  langid = {japanese}
}

@book{nakamura1999Kokubungaku,
  title = {国文学研究資料館データベース古典コレクション 『二十一代集』（正保版本） {{CD-ROM}}},
  author = {中村, 康夫 and 立川, 美彦 and 杉田, まゆ子},
  year = {1999},
  publisher = {岩波書店},
  address = {東京},
  keywords = {data infrastructure}
}

@book{nakano1994Bunruigoihyo,
  title = {{分類語彙表 フロッピー版}},
  author = {中野, 洋 and 林, 大 and 石井, 久雄 and 山崎, 誠 and 石井, 正彦 and 加藤, 安彦 and 宮崎, 達夫 and 靏岡, 昭夫},
  year = {1994},
  series = {{国立国語研究所言語処理データ集}},
  volume = {5},
  number = {},
  publisher = {大日本書店},
  address = {東京},
  langid = {japanese},
  yomi = {Nakano, Hiroshi and Hayashi, Ooki and Ishii, Hisao and Yamazaki, Makoto and Ishii, Masahiko and Kato, Yasuhiko and Miyazima, Tatsuo and Tsuruoka, Akio},
  keywords = {notion}
}

@article{nambu2007Teiryo,
  title = {{定量的分析に基づく「が／の」交替再考}},
  author = {南部, 智史},
  year = {2007},
  journal = {言語研究},
  volume = {131},
  pages = {115--149},
  langid = {japanese},
  keywords = {,/,notion},
  file = {/home/idiig/Zotero/storage/NVZ5LYUZ/nambu2007Teiryo.pdf;/home/idiig/Zotero/storage/4BETV83P/ja.html}
}

@article{nishihata1992Waka,
  title = {{和歌と語彙 : 八代集和歌語彙の変遷}},
  shorttitle = {{和歌と語彙}},
  author = {西端, 幸雄},
  year = {1992},
  journal = {樟蔭国文学},
  volume = {29},
  pages = {83--106},
  publisher = {大阪樟蔭女子大学},
  urldate = {2023-04-15},
  langid = {japanese},
  keywords = {No DOI found,notion},
  file = {/home/idiig/Zotero/storage/FXDBFGYY/1573387451624654592.html}
}

@article{Nishihata1992Wakaa,
  title = {{Waka to goi: Hachidaishu waka goi no hensen [Waka and Vocabulary: The Evolution of Poetic Lexicon in the First Eight Imperial Anthologies]}},
  shorttitle = {{和歌と語彙}},
  author = {Nishihata, Yukio},
  year = {1992},
  journal = {Shoin kokubungaku [Shoin Japanese Literature]},
  volume = {29},
  pages = {83--106},
  publisher = {大阪樟蔭女子大学},
  urldate = {2023-04-15},
  langid = {japanese},
  keywords = {No DOI found,notion}
}

@misc{RCoreTeam2020Language,
  title = {R: {{A}} Language and Environment for Statistical Computing},
  author = {{R Core Team}},
  year = {2020},
  address = {Vienna, Austria},
  howpublished = {R Foundation for Statistical Computing},
  keywords = {notion}
}

@misc{RCoreTeam2022Language,
  title = {R: {{A Language}} and {{Environment}} for {{Statistical Computing}}},
  author = {{R Core Team}},
  year = {2022},
  address = {Vienna, Austria},
  keywords = {r,software}
}

@misc{RCoreTeam2024Language,
  title = {R: {{A Language}} and {{Environment}} for {{Statistical Computing}}},
  author = {{R Core Team}},
  year = {2024},
  address = {Vienna, Austria},
  keywords = {r,software}
}

@incollection{Ruette2014Semantic,
  title = {Semantic Weighting Mechanisms in Scalable Lexical Sociolectometry},
  booktitle = {Aggregating {{Dialectology}}, {{Typology}}, and {{Register Analysis}}},
  author = {Ruette, Tom and Geeraerts, Dirk and Peirsman, Yves and Speelman, Dirk},
  editor = {Szmrecsanyi, Benedikt and W{\"a}lchli, Bernhard},
  year = {2014},
  pages = {205--230},
  publisher = {DE GRUYTER},
  urldate = {2023-04-09},
  langid = {english},
  keywords = {notion},
  file = {/home/idiig/Zotero/storage/QIUAKR47/Ruette et al. - 2014 - Semantic weighting mechanisms in scalable lexical .pdf}
}

@book{shinhen1996CDROM,
  title = {{{CDROM}} 版新編国歌大観},
  editor = {{新編国歌大観編集委員会}},
  year = {1996},
  publisher = {角川書店},
  address = {東京},
  keywords = {data infrastructure}
}

@article{Speelman2003Profilebased,
  title = {Profile-Based Linguistic Uniformity as a Generic Method for Comparing Language Varieties},
  author = {Speelman, Dirk and Grondelaers, Stefan and Geeraerts, Dirk},
  year = {2003},
  journal = {Computers and the Humanities},
  volume = {37},
  number = {3},
  pages = {317--337},
  issn = {00104817},
  urldate = {2021-02-28},
  langid = {english},
  keywords = {notion},
  file = {/home/idiig/Zotero/storage/GCTAFGGX/Speelman2003Profilebased2.pdf;/home/idiig/Zotero/storage/S8BTS4R9/Speelman2003Profilebased.pdf}
}

@article{Tajima2000Goi,
  title = {{Goi kenkyuhou toshite no ``Imibunya betsu kozo bunsekihou'' no tame ni - Sakakura ronbun no kensyo to hihan [Toward the Structural Analysis of Vocabulary with Special Reference to Semantic Categories as a Method of Lexical Study: A Tribute to and Critique of Sakakura's Paper]}},
  author = {Tajima, Ikudo},
  year = {2000},
  journal = {Kokugo to kokubungaku [Japanese language and literature]},
  volume = {77},
  number = {6},
  pages = {43--56},
  publisher = {東京 : 筑摩書房},
  issn = {0387-3110},
  urldate = {2025-02-05},
  langid = {japanese},
  keywords = {,lexicon,No DOI found}
}

@article{tajima2000Goikenkyu,
  title = {{語彙研究法としての「意味分野別構造分析法」のために--阪倉論文の顕彰と批判}},
  author = {田島, 毓堂},
  year = {2000},
  journal = {国語と国文学},
  volume = {77},
  number = {6},
  pages = {43--56},
  publisher = {東京 : 筑摩書房},
  issn = {0387-3110},
  urldate = {2025-02-05},
  langid = {japanese},
  keywords = {,lexicon,No DOI found},
  file = {/home/idiig/Zotero/storage/SDWQWCDR/1520290883077069440.html}
}

@article{takahashi2016Kindai,
  title = {{近代における和語の表記の変遷 -複数表記から単一表記へ-}},
  author = {髙橋, 雄太},
  year = {2016},
  journal = {国際日本学研究論集},
  volume = {4},
  pages = {37--48},
  publisher = {明治大学大学院},
  issn = {2188-7969},
  urldate = {2025-10-22},
  langid = {japanese},
  keywords = {No DOI found},
  file = {/home/idiig/Zotero/storage/6CSFLVEV/髙橋 - 2016 - 近代における和語の表記の変遷 -複数表記から単一表記へ-.pdf}
}

@article{Takahashi2016Kindaia,
  title = {{Kindai niokeru wago no hyoki no hensen-fukusu hyoki kara tanitsu hyoki e [Changes in the Orthographic Representation of Native Japanese Words in the Modern Period: From Multiple Spellings to Unified Forms]}},
  author = {Takahashi, Yuta},
  year = {2016},
  journal = {Kokusai nihongaku kenkyu ronshu/Journal of global Japanese studies},
  volume = {4},
  pages = {37--48},
  publisher = {明治大学大学院},
  issn = {2188-7969},
  urldate = {2025-04-22},
  langid = {japanese},
  keywords = {No DOI found,Onomasiology},
  file = {/home/idiig/Zotero/storage/2F5ZGQKZ/髙橋 - 2016 - 近代における和語の表記の変遷 -複数表記から単一表記へ-.pdf}
}

@article{takahashi2019Kindai,
  title = {{近代における和語の用字法の変化 -カワル・カエルとアラワレル・アラワスを中心に-}},
  author = {髙橋, 雄太},
  year = {2019},
  journal = {明治大学人文科学研究所紀要},
  volume = {85},
  pages = {173--208},
  publisher = {明治大学人文科学研究所},
  issn = {0543-3894},
  urldate = {2025-10-22},
  langid = {japanese},
  keywords = {No DOI found,orthological},
  file = {/home/idiig/Zotero/storage/W5GNNMC6/髙橋 - 2019 - 近代における和語の用字法の変化 -カワル・カエルとアラワレル・アラワスを中心に-.pdf}
}

@article{takahashi2025Tango,
  title = {単語分散表現による日本語和語動詞の書き分けの研究},
  author = {髙橋, 雄太 and 相田, 太一 and 小木曽, 智信},
  year = {2025},
  journal = {デジタル・ヒューマニティーズ},
  volume = {4},
  number = {1},
  pages = {1--11},
  keywords = {,Corpus,Diachronic changes,orthographic,Representation of native Japanese words,semiological,word embedding application,Word embeddings},
  file = {/home/idiig/Zotero/storage/M9A3248W/髙橋 et al. - 2025 - 単語分散表現による日本語和語動詞の書き分けの研究.pdf;/home/idiig/Zotero/storage/XTSTKNJQ/ja.html}
}

@article{tanaka2014Konjaku,
  title = {{『今昔物語集』と 『宇治拾遺物語』 同文説話における語の対応 ---語の文体的価値の記述---}},
  author = {田中, 牧郎 and 山元, 啓史},
  year = {2014},
  journal = {日本語の研究},
  volume = {10},
  number = {1},
  pages = {16--31},
  langid = {japanese},
  yomi = {Tanaka, Makiro and Yamamoto, Hilofumi},
  keywords = {No DOI found,notion},
  file = {/home/idiig/Zotero/storage/MCGQIC9S/tanaka2014Konjaku2.pdf}
}

@article{tanaka2020Sugureru,
  title = {{「すぐれる」「まさる」の意味変化 ---コーパスによる語史研究---}},
  author = {田中, 牧郎},
  year = {2020},
  journal = {明治大学国際日本学研究},
  volume = {12},
  number = {1},
  pages = {31--45},
  urldate = {2022-05-03},
  langid = {japanese},
  yomi = {Tanaka, Makiro},
  keywords = {notion},
  file = {/home/idiig/Zotero/storage/YLF5URJT/21049.html}
}

@article{tanomura2016Kagaku,
  title = {{「科学」の語史 : 漸次的・段階的変貌と普及の様相}},
  shorttitle = {{「科学」の語史}},
  author = {田野村, 忠温},
  year = {2016},
  journal = {大阪大学大学院文学研究科紀要},
  volume = {56},
  pages = {123--181},
  publisher = {大阪大学大学院文学研究科},
  issn = {13453548},
  urldate = {2022-05-04},
  langid = {japanese},
  yomi = {Tanomura, Tadaharu},
  keywords = {notion},
  file = {/home/idiig/Zotero/storage/QTFZ9SB3/tanomura2016Kagaku.pdf;/home/idiig/Zotero/storage/IMBQH4VW/56924.html}
}

@incollection{Tsuji1998Kago,
  title = {{Kago no kenkyushi---genjo to tenbo [A History of Research on Waka Language: Current Status and Future Prospects]}},
  booktitle = {{Utakotoba no rekishi [The History of Poetic Japanese]}},
  author = {Tsuji, Katsumi},
  editor = {Komachiya, Teruhiko and Misumi, Yoichi},
  year = {1998},
  pages = {217--238},
  publisher = {Kasama shoin},
  address = {Tokyo},
  langid = {japanese},
  keywords = {,notion}
}

@incollection{tsuji1998Uta,
  title = {{歌語の研究史---現状と展望}},
  booktitle = {{歌ことばの歴史}},
  author = {辻, 勝美},
  editor = {小町谷, 照彦 and 三角, 洋一},
  year = {1998},
  pages = {217--238},
  publisher = {笠間書院},
  address = {東京},
  langid = {japanese},
  keywords = {,notion}
}

@incollection{tsukishima1992Kunten,
  title = {{訓点資料に見える『和文特有語』について}},
  booktitle = {{文化言語学: その提言と建設}},
  author = {築島, 裕},
  editor = {{文化言語学編集委員会}},
  year = {1992},
  publisher = {三省堂},
  address = {東京},
  langid = {japanese}
}

@book{Ueno1976Goshuishu,
  title = {{Goshuishu zengo [Before and after the Goshuishu]}},
  author = {Ueno, Osamu},
  year = {1976},
  publisher = {Kasama shoin},
  address = {Tokyo},
  langid = {japanese},
  keywords = {notion}
}

@book{ueno1976Koshui,
  title = {{後拾遺集前後}},
  author = {上野, 理},
  year = {1976},
  publisher = {笠間書院},
  address = {東京},
  langid = {japanese},
  keywords = {notion},
  annotation = {Yomi:}
}

@incollection{Wolfram2004Social,
  title = {Social Varieties of {{American English}}},
  booktitle = {Language in the {{USA}}: {{Themes}} for the {{Twenty-first Century}}},
  author = {Wolfram, Walt},
  editor = {Finegan, Edward and Rickford, John R.},
  year = {2004},
  pages = {58--75},
  publisher = {Cambridge University Press},
  address = {Cambridge},
  urldate = {2025-01-22},
  keywords = {sociolect},
  file = {/home/idiig/Zotero/storage/7NHMRU88/944D22510E95285E8D748389C2B3F27B.html}
}

@article{yamada2019Kikite,
  title = {{聞き手敬語への量的アプローチ}},
  author = {山田, 彬尭},
  year = {2019},
  journal = {計量国語学},
  volume = {32},
  number = {2},
  pages = {117--132},
  publisher = {計量国語学会},
  urldate = {2024-08-14},
  langid = {japanese},
  keywords = {notion},
  file = {/home/idiig/Zotero/storage/7MVBK6UT/1390285697597421056.html}
}

@article{yamada2021Edo,
  title = {{江戸期から昭和期にかけての尊敬語のバリエーション : 多項混合効果ロジスティック回帰によるベイズ統計学的アプローチ}},
  shorttitle = {{江戸期から昭和期にかけての尊敬語のバリエーション}},
  author = {山田, 彬尭},
  year = {2021},
  journal = {言語文化共同研究プロジェクト},
  number = {2020},
  pages = {5--25},
  urldate = {2022-04-04},
  langid = {japanese},
  yomi = {Yamada, Akitaka},
  keywords = {notion},
  file = {/home/idiig/Zotero/storage/BB6UP6YX/yamada2021Edo.pdf}
}

@article{Yamamoto2007Modelingu,
  title = {{Modelingu niyoru utakotoba no hensen to bunseki---Hachidaishu utakotoba shisorasu no kaihatsu/ An Analysis of Historical Changes of Japanese Poetic Vocabulary using Computer Modelling - Poetic Thesaurus for the Hachidaish{\=u} (ca. 905-1205) -}},
  author = {Yamamoto, Hilofumi},
  year = {2007},
  journal = {Jinmoncom 2007 Proceedings},
  volume = {2007},
  pages = {163--170},
  urldate = {2021-03-28},
  langid = {japanese},
  yomi = {Yamamoto, Hilofumi},
  keywords = {No DOI found,notion},
  file = {/home/idiig/Zotero/storage/CMN3UWWR/yamamoto2007Moderingu2.pdf;/home/idiig/Zotero/storage/8KR4WVCR/ej.html}
}

@article{yamamoto2007Moderingu,
  title = {{モデリングによる歌ことばの変遷と分析－八代集・歌ことばシソーラスの開発－}},
  author = {山元, 啓史},
  year = {2007},
  journal = {じんもんこん2007論文集},
  volume = {2007},
  pages = {163--170},
  urldate = {2021-03-28},
  langid = {japanese},
  yomi = {Yamamoto, Hilofumi},
  keywords = {No DOI found,notion}
}

@inproceedings{yo2024Miyazima,
  title = {{宮島達夫他編『古典分類語彙表』データの構造化及びその応用}},
  booktitle = {{情報処理学会研究報告}},
  author = {于, 拙},
  year = {2024},
  volume = {2024-CH-134(3)},
  pages = {1--9},
  langid = {japanese},
  keywords = {No DOI found},
  file = {/home/idiig/Zotero/storage/8CNIM27N/于 - 2024 - 宮島達夫他編『古典分類語彙表』データの構造化及びその応用.pdf}
}
